@article{wiseman2016,
  title={Sequence-to-sequence learning as beam-search optimization},
  author={Wiseman, Sam and Rush, Alexander M},
  journal={arXiv preprint arXiv:1606.02960},
  year={2016}
}

@article{hannun2017,
  author = {Hannun, Awni},
  title = {Sequence Modeling with CTC},
  journal = {Distill},
  year = {2017},
  note = {https://distill.pub/2017/ctc},
  doi = {10.23915/distill.00008}
}

@inproceedings{graves2006,
  title={Connectionist temporal classification: labelling unsegmented sequence data with recurrent neural networks},
  author={Graves, Alex and Fern{\'a}ndez, Santiago and Gomez, Faustino and Schmidhuber, J{\"u}rgen},
  booktitle={Proceedings of the 23rd international conference on Machine learning},
  pages={369--376},
  year={2006},
  organization={ACM}
}

@inproceedings{bottou1997,
  title={Global training of document processing systems using graph transformer networks},
  author={Bottou, L{\'e}on and Bengio, Yoshua and Le Cun, Yann},
  booktitle={Proceedings of IEEE Computer Society Conference on Computer Vision and Pattern Recognition},
  pages={489--494},
  year={1997},
  organization={IEEE}
}

@article{collobert2019,
  title={A fully differentiable beam search decoder},
  author={Collobert, Ronan and Hannun, Awni and Synnaeve, Gabriel},
  booktitle={International conference on machine learning},
  year={2019}
}

@article{sutton2012,
  title={An introduction to conditional random fields},
  author={Sutton, Charles and McCallum, Andrew and others},
  journal={Foundations and Trends{\textregistered} in Machine Learning},
  volume={4},
  number={4},
  pages={267--373},
  year={2012},
  publisher={Now Publishers, Inc.}
}

@article{lafferty2001,
  title={Conditional random fields: Probabilistic models for segmenting and labeling sequence data},
  author={Lafferty, John and McCallum, Andrew and Pereira, Fernando CN},
  booktitle={International conference on machine learning},
  year={2001}
}

@phdthesis{bottou1991,
  title={Une Approche Th{\'e}orique de l'Apprentissage Connexionniste: Applications {\`a} la Reconnaissance de la Parole},
  author={Bottou, L{\'e}on},
  year={1991}
  organization={Universit{\'e} de Paris XI, Orsay, France}
}

@inproceedings{mccallum2000,
  title={Maximum Entropy Markov Models for Information Extraction and Segmentation.},
  author={McCallum, Andrew and Freitag, Dayne and Pereira, Fernando CN},
  booktitle={International conference on machine learning},
  pages={591--598},
  year={2000}
}

@inproceedings{denker1994,
  title={Image segmentation and recognition},
  author={Denker, John S and Burges, Christopher CJ},
  booktitle={Santa Fe Institute Studies in the Sciences of Complexity},
  volume={20},
  pages={409--409},
  year={1994},
  organization={Addison-Wesley Publishing Co}
}
